@article{DBLP:journals/corr/abs-1806-09055,
  author    = {Hanxiao Liu and
               Karen Simonyan and
               Yiming Yang},
  title     = {{DARTS:} Differentiable Architecture Search},
  journal   = {CoRR},
  volume    = {abs/1806.09055},
  year      = {2018},
  url       = {http://arxiv.org/abs/1806.09055},
  eprinttype = {arXiv},
  eprint    = {1806.09055},
  timestamp = {Mon, 13 Aug 2018 16:49:10 +0200},
  biburl    = {https://dblp.org/rec/journals/corr/abs-1806-09055.bib},
  bibsource = {dblp computer science bibliography, https://dblp.org}
}


@article{DBLP:journals/corr/ZophVSL17,
  author    = {Barret Zoph and
               Vijay Vasudevan and
               Jonathon Shlens and
               Quoc V. Le},
  title     = {Learning Transferable Architectures for Scalable Image Recognition},
  journal   = {CoRR},
  volume    = {abs/1707.07012},
  year      = {2017},
  url       = {http://arxiv.org/abs/1707.07012},
  eprinttype = {arXiv},
  eprint    = {1707.07012},
  timestamp = {Mon, 13 Aug 2018 16:48:00 +0200},
  biburl    = {https://dblp.org/rec/journals/corr/ZophVSL17.bib},
  bibsource = {dblp computer science bibliography, https://dblp.org}
}
