@book{Pospelov1989,
	address = {М.},
	author = {Поспелов, Д. А.},
	language = {russian},
	pages = {184},
	publisher = {Радио и связь},
	title = {{Моделирование рассуждений. Опыт анализа мыслительных актов}},
	year = {1989}
}
@book{GaazeRappoport1987,
	address = {М.},
	author = {Гаазе-Рапопорт, М. Г. and Поспелов, Д. А.},
	language = {russian},
	pages = {288},
	publisher = {Наука},
	title = {{От амебы до робота. Модели поведения.}},
	year = {1987}
}
@book{Pospelov1986,
	address = {М.},
	author = {Поспелов, Д. А.},
	language = {russian},
	pages = {288},
	publisher = {Наука},
	title = {{Ситуационное управление: теория и практика}},
	year = {1986}
}

@book{Osipov1997,
	address = {М.},
	author = {Осипов, Г. С.},
	language = {russian},
	pages = {112},
	publisher = {Наука. Физматлит},
	title = {{Приобретение знаний интеллектуальными системами}},
	year = {1997}
}


@article{Osipov1999,
	author = {Осипов, Г. С. and Поспелов, Д. А.},
	journal = {Новости искусственного интеллекта},
	keywords = {osipov},
	language = {russian},
	number = {1},
	pages = {9--35},
	title = {{Прикладная семиотика}},
	year = {1999}
}

@book{Osipov2015,
	address = {М.},
	author = {Осипов, Г. С.},
	edition = {2-е изд.},
	keywords = {osipov},
	language = {russian},
	pages = {297},
	publisher = {ФИЗМАТЛИТ},
	title = {{Методы искусственного интеллекта}},
	year = {2015}
}

