@Article{Liu2018,
  author     = {Hanxiao Liu and Karen Simonyan and Yiming Yang},
  journal    = {CoRR},
  title      = {{DARTS:} Differentiable Architecture Search},
  year       = {2018},
  volume     = {abs/1806.09055},
  bibsource  = {dblp computer science bibliography, https://dblp.org},
  biburl     = {https://dblp.org/rec/journals/corr/abs-1806-09055.bib},
  eprint     = {1806.09055},
  eprinttype = {arXiv},
  timestamp  = {Mon, 13 Aug 2018 16:49:10 +0200},
  url        = {http://arxiv.org/abs/1806.09055},
}

@Article{Ferianc2020,
  author     = {Martin Ferianc and Hongxiang Fan and Miguel Rodrigues},
  journal    = {CoRR},
  title      = {{VINNAS:} Variational Inference-based Neural Network Architecture Search},
  year       = {2020},
  volume     = {abs/2007.06103},
  bibsource  = {dblp computer science bibliography, https://dblp.org},
  biburl     = {https://dblp.org/rec/journals/corr/abs-2007-06103.bib},
  eprint     = {2007.06103},
  eprinttype = {arXiv},
  timestamp  = {Tue, 21 Jul 2020 12:53:33 +0200},
  url        = {https://arxiv.org/abs/2007.06103},
}

@Article{Zhou2019,
  author     = {Hongpeng Zhou and Minghao Yang and Jun Wang and Wei Pan},
  journal    = {CoRR},
  title      = {BayesNAS: {A} Bayesian Approach for Neural Architecture Search},
  year       = {2019},
  volume     = {abs/1905.04919},
  bibsource  = {dblp computer science bibliography, https://dblp.org},
  biburl     = {https://dblp.org/rec/journals/corr/abs-1905-04919.bib},
  eprint     = {1905.04919},
  eprinttype = {arXiv},
  timestamp  = {Wed, 21 Oct 2020 08:40:04 +0200},
  url        = {http://arxiv.org/abs/1905.04919},
}

@Article{White2019,
  author     = {Colin White and Willie Neiswanger and Yash Savani},
  journal    = {CoRR},
  title      = {{BANANAS:} Bayesian Optimization with Neural Architectures for Neural Architecture Search},
  year       = {2019},
  volume     = {abs/1910.11858},
  bibsource  = {dblp computer science bibliography, https://dblp.org},
  biburl     = {https://dblp.org/rec/journals/corr/abs-1910-11858.bib},
  eprint     = {1910.11858},
  eprinttype = {arXiv},
  timestamp  = {Thu, 31 Oct 2019 14:02:26 +0100},
  url        = {http://arxiv.org/abs/1910.11858},
}

@InProceedings{Graves2011,
  author    = {Graves, Alex},
  booktitle = {Advances in Neural Information Processing Systems},
  title     = {Practical Variational Inference for Neural Networks},
  year      = {2011},
  editor    = {J. Shawe-Taylor and R. Zemel and P. Bartlett and F. Pereira and K. Q. Weinberger},
  publisher = {Curran Associates, Inc.},
  volume    = {24},
  url       = {https://proceedings.neurips.cc/paper/2011/file/7eb3c8be3d411e8ebfab08eba5f49632-Paper.pdf},
}

@Article{Chen2020,
  author     = {Xiangning Chen and Ruochen Wang and Minhao Cheng and Xiaocheng Tang and Cho{-}Jui Hsieh},
  journal    = {CoRR},
  title      = {DrNAS: Dirichlet Neural Architecture Search},
  year       = {2020},
  volume     = {abs/2006.10355},
  bibsource  = {dblp computer science bibliography, https://dblp.org},
  biburl     = {https://dblp.org/rec/journals/corr/abs-2006-10355.bib},
  eprint     = {2006.10355},
  eprinttype = {arXiv},
  timestamp  = {Tue, 23 Jun 2020 17:57:22 +0200},
  url        = {https://arxiv.org/abs/2006.10355},
}

@Article{Pham2018,
  author     = {Hieu Pham and Melody Y. Guan and Barret Zoph and Quoc V. Le and Jeff Dean},
  journal    = {CoRR},
  title      = {Efficient Neural Architecture Search via Parameter Sharing},
  year       = {2018},
  volume     = {abs/1802.03268},
  bibsource  = {dblp computer science bibliography, https://dblp.org},
  biburl     = {https://dblp.org/rec/journals/corr/abs-1802-03268.bib},
  eprint     = {1802.03268},
  eprinttype = {arXiv},
  timestamp  = {Mon, 13 Aug 2018 16:47:58 +0200},
  url        = {http://arxiv.org/abs/1802.03268},
}

@Article{Zoph2017,
  author     = {Barret Zoph and Vijay Vasudevan and Jonathon Shlens and Quoc V. Le},
  journal    = {CoRR},
  title      = {Learning Transferable Architectures for Scalable Image Recognition},
  year       = {2017},
  volume     = {abs/1707.07012},
  bibsource  = {dblp computer science bibliography, https://dblp.org},
  biburl     = {https://dblp.org/rec/journals/corr/ZophVSL17.bib},
  eprint     = {1707.07012},
  eprinttype = {arXiv},
  timestamp  = {Mon, 13 Aug 2018 16:48:00 +0200},
  url        = {http://arxiv.org/abs/1707.07012},
}

@Misc{Jang2016,
  author    = {Jang, Eric and Gu, Shixiang and Poole, Ben},
  title     = {Categorical Reparameterization with Gumbel-Softmax},
  year      = {2016},
  copyright = {arXiv.org perpetual, non-exclusive license},
  doi       = {10.48550/ARXIV.1611.01144},
  keywords  = {Machine Learning (stat.ML), Machine Learning (cs.LG), FOS: Computer and information sciences},
  publisher = {arXiv},
  url       = {https://arxiv.org/abs/1611.01144},
}

@Article{Potapczynski2019,
  author    = {Potapczynski, Andres and Loaiza-Ganem, Gabriel and Cunningham, John P.},
  title     = {Invertible Gaussian Reparameterization: Revisiting the Gumbel-Softmax},
  year      = {2019},
  copyright = {arXiv.org perpetual, non-exclusive license},
  doi       = {10.48550/ARXIV.1912.09588},
  keywords  = {Machine Learning (stat.ML), Machine Learning (cs.LG), FOS: Computer and information sciences},
  publisher = {arXiv},
  url       = {https://arxiv.org/abs/1912.09588},
}

@article{DBLP:journals/corr/PapernotMGJCS16,
  author    = {Nicolas Papernot and
               Patrick D. McDaniel and
               Ian J. Goodfellow and
               Somesh Jha and
               Z. Berkay Celik and
               Ananthram Swami},
  title     = {Practical Black-Box Attacks against Deep Learning Systems using Adversarial
               Examples},
  journal   = {CoRR},
  volume    = {abs/1602.02697},
  year      = {2016},
  url       = {http://arxiv.org/abs/1602.02697},
  eprinttype = {arXiv},
  eprint    = {1602.02697},
  timestamp = {Mon, 13 Aug 2018 16:49:06 +0200},
  biburl    = {https://dblp.org/rec/journals/corr/PapernotMGJCS16.bib},
  bibsource = {dblp computer science bibliography, https://dblp.org}
}

@Comment{jabref-meta: databaseType:bibtex;}
