@article{DBLP:journals/corr/abs-1806-09055,
  author    = {Hanxiao Liu and
               Karen Simonyan and
               Yiming Yang},
  title     = {{DARTS:} Differentiable Architecture Search},
  journal   = {CoRR},
  volume    = {abs/1806.09055},
  year      = {2018},
  url       = {http://arxiv.org/abs/1806.09055},
  eprinttype = {arXiv},
  eprint    = {1806.09055},
  timestamp = {Mon, 13 Aug 2018 16:49:10 +0200},
  biburl    = {https://dblp.org/rec/journals/corr/abs-1806-09055.bib},
  bibsource = {dblp computer science bibliography, https://dblp.org}
}

@misc{ferianc2021vinnas,
      title={VINNAS: Variational Inference-based Neural Network Architecture Search}, 
      author={Martin Ferianc and Hongxiang Fan and Miguel Rodrigues},
      year={2021},
      eprint={2007.06103},
      archivePrefix={arXiv},
      primaryClass={cs.LG}
}

@misc{zhou2019bayesnas,
      title={BayesNAS: A Bayesian Approach for Neural Architecture Search}, 
      author={Hongpeng Zhou and Minghao Yang and Jun Wang and Wei Pan},
      year={2019},
      eprint={1905.04919},
      archivePrefix={arXiv},
      primaryClass={cs.LG}
}

@article{DBLP:journals/corr/abs-1910-11858,
  author    = {Colin White and
               Willie Neiswanger and
               Yash Savani},
  title     = {{BANANAS:} Bayesian Optimization with Neural Architectures for Neural
               Architecture Search},
  journal   = {CoRR},
  volume    = {abs/1910.11858},
  year      = {2019},
  url       = {http://arxiv.org/abs/1910.11858},
  eprinttype = {arXiv},
  eprint    = {1910.11858},
  timestamp = {Thu, 31 Oct 2019 14:02:26 +0100},
  biburl    = {https://dblp.org/rec/journals/corr/abs-1910-11858.bib},
  bibsource = {dblp computer science bibliography, https://dblp.org}
}

@inproceedings{inproceedings,
author = {Li, Zhihang and Xi, Teng and Deng, Jiankang and Zhang, Gang and Wen, Shengzhao and He, Ran},
year = {2020},
month = {06},
pages = {11930-11939},
title = {GP-NAS: Gaussian Process Based Neural Architecture Search},
doi = {10.1109/CVPR42600.2020.01195}
}

@article{DBLP:journals/corr/abs-2007-16149,
  author    = {Vasco Lopes and
               Lu{\'{\i}}s A. Alexandre},
  title     = {{HMCNAS:} Neural Architecture Search using Hidden Markov Chains and
               Bayesian Optimization},
  journal   = {CoRR},
  volume    = {abs/2007.16149},
  year      = {2020},
  url       = {https://arxiv.org/abs/2007.16149},
  eprinttype = {arXiv},
  eprint    = {2007.16149},
  timestamp = {Mon, 03 Aug 2020 14:32:13 +0200},
  biburl    = {https://dblp.org/rec/journals/corr/abs-2007-16149.bib},
  bibsource = {dblp computer science bibliography, https://dblp.org}
}

@article{DBLP:journals/corr/abs-2011-06006,
  author    = {Daniel S. Park and
               Jaehoon Lee and
               Daiyi Peng and
               Yuan Cao and
               Jascha Sohl{-}Dickstein},
  title     = {Towards NNGP-guided Neural Architecture Search},
  journal   = {CoRR},
  volume    = {abs/2011.06006},
  year      = {2020},
  url       = {https://arxiv.org/abs/2011.06006},
  eprinttype = {arXiv},
  eprint    = {2011.06006},
  timestamp = {Wed, 18 Nov 2020 16:48:35 +0100},
  biburl    = {https://dblp.org/rec/journals/corr/abs-2011-06006.bib},
  bibsource = {dblp computer science bibliography, https://dblp.org}
}

@inproceedings{NIPS2011_7eb3c8be,
 author = {Graves, Alex},
 booktitle = {Advances in Neural Information Processing Systems},
 editor = {J. Shawe-Taylor and R. Zemel and P. Bartlett and F. Pereira and K. Q. Weinberger},
 pages = {},
 publisher = {Curran Associates, Inc.},
 title = {Practical Variational Inference for Neural Networks},
 url = {https://proceedings.neurips.cc/paper/2011/file/7eb3c8be3d411e8ebfab08eba5f49632-Paper.pdf},
 volume = {24},
 year = {2011}
}

@article{DBLP:journals/corr/abs-2006-10355,
  author    = {Xiangning Chen and
               Ruochen Wang and
               Minhao Cheng and
               Xiaocheng Tang and
               Cho{-}Jui Hsieh},
  title     = {DrNAS: Dirichlet Neural Architecture Search},
  journal   = {CoRR},
  volume    = {abs/2006.10355},
  year      = {2020},
  url       = {https://arxiv.org/abs/2006.10355},
  eprinttype = {arXiv},
  eprint    = {2006.10355},
  timestamp = {Tue, 23 Jun 2020 17:57:22 +0200},
  biburl    = {https://dblp.org/rec/journals/corr/abs-2006-10355.bib},
  bibsource = {dblp computer science bibliography, https://dblp.org}
}
